@article{blondel2008fast,
  title={Fast unfolding of communities in large networks},
  author={Blondel, Vincent D and Guillaume, Jean-Loup and Lambiotte, Renaud and Lefebvre, Etienne},
  journal={Journal of Statistical Mechanics: Theory and Experiment},
  volume={2008},
  number={10},
  pages={P10008},
  year={2008},
  publisher={IOP Publishing}
}

@ONLINE{AlexaYelp,
author = {Alexa},
title = {yelp.com Site Overview},
month = may,
year = {2014},
url = {http://www.alexa.com/siteinfo/yelp.com}
}

@ONLINE{githubyelp,
author = {Yan, Edmund and Wang, Leyuan},
title = {Yelp Communities (source)},
month = may,
year = {2014},
url = {https://github.com/edmundyan/yelp}
}

@ONLINE{StanfordCS224wYelp,
author={Zhao, Hao and Li, Haoran},
title={Community-Based Yelp Personalization},
month = september,
year = {2013},
url = {http://www.stanford.edu/class/cs224w/projects2013/cs224w-032-final.pdf}
}

@article{fortunato2010community,
  title={Community detection in graphs},
  author={Fortunato, Santo},
  journal={Physics Reports},
  volume={486},
  number={3},
  pages={75--174},
  year={2010},
  publisher={North-Holland}
}

@article{newman2004finding,
  title={Finding and evaluating community structure in networks},
  author={Newman, Mark EJ and Girvan, Michelle},
  journal={Physical review E},
  volume={69},
  number={2},
  pages={026113},
  year={2004},
  publisher={APS}
}

@article{gregory2010finding,
  title={Finding overlapping communities in networks by label propagation},
  author={Gregory, Steve},
  journal={New Journal of Physics},
  volume={12},
  number={10},
  pages={103018},
  year={2010},
  publisher={IOP Publishing}
}
